@article{Reymond_2012,
  doi = {10.1002/wcms.1104},
  url = {http://dx.doi.org/10.1002/wcms.1104},
  year = {2012},
  month = {apr},
  publisher = {Wiley-Blackwell},
  volume = {2},
  number = {5},
  pages = {717--733},
  author = {Jean-Louis Reymond and Lars Ruddigkeit and Lorenz Blum and Ruud van Deursen},
  title = {{The enumeration of chemical space}},
  journal = {Wiley Interdisciplinary Reviews: Computational Molecular Science},
}


@article{Rajan_2008,
  doi = {10.1146/annurev.matsci.38.060407.130217},
  url = {http://dx.doi.org/10.1146/annurev.matsci.38.060407.130217},
  year = {2008},
  month = {aug},
  publisher = {Annual Reviews},
  volume = {38},
  number = {1},
  pages = {299--322},
  author = {Krishna Rajan},
  title = {{Combinatorial Materials Sciences: Experimental Strategies for Accelerated Knowledge Discovery}},
  journal = {Annu. Rev. Mater. Res.},
}
